@article{white_dispersal_2017,
	title = {Dispersal and assimilation of an aquaculture waste subsidy in a low productivity coastal environment},
	volume = {120},
	issn = {0025326X},
	url = {https://doi.org/10.1016/j.marpolbul.2017.05.042},
	number = {1-2},
	urldate = {2020-09-30},
	journal = {Marine Pollution Bulletin},
	author = {White, Camille A. and Nichols, P. D. and Ross, D. J. and Dempster, Tim},
	month = jul,
	year = {2017},
	pages = {309--321},
}

@article{white_future_2016,
	title = {Future aquafeeds may compromise reproductive fitness in a marine invertebrate},
	volume = {122},
	issn = {18790291},
	url = {https://doi.org/10.1016/j.marenvres.2016.09.008},
	urldate = {2020-10-02},
	journal = {Marine Environmental Research},
	author = {White, Camille A. and Dworjanyn, Symon A. and Nichols, Peter D. and Mos, Benjamin and Dempster, Tim},
	year = {2016},
	pages = {67--75},
}

@article{white_consumption_2017,
	title = {Consumption of aquaculture waste affects the fatty acid metabolism of a benthic invertebrate},
	volume = {586},
	url = {https://doi.org/10.1016/j.scitotenv.2017.02.109},
	urldate = {2023-01-09},
	journal = {Science of The Total Environment},
	author = {White, Camille and Bannister, Raymond J. and Dworjanyn, Symon A. and Husa, Vivian and Nichols, Peter D. and Kutti, Tina and Dempster, Tim},
	year = {2017},
	pages = {1170--1181},
}

@article{white_aquaculture-derived_2018,
	title = {Aquaculture-derived trophic subsidy boosts populations of an ecosystem engineer},
	volume = {10},
	url = {https://doi.org/10.3354/aei00270},
	urldate = {2023-01-09},
	journal = {Aquaculture Environment Interactions},
	author = {White, Camille and Bannister, Raymond J. and Dworjanyn, Symon A. and Husa, Vivian and Nichols, Peter D. and Dempster, Tim},
	year = {2018},
	pages = {279--289},
}

@article{colombo_towards_2022,
	title = {Towards achieving circularity and sustainability in feeds for farmed blue foods},
	url = {https://doi.org/10.1111/raq.12766},
	urldate = {2025-01-10},
	journal = {Reviews in Aquaculture},
	author = {Colombo, Stefanie M. and Roy, Koushik and Mraz, Jan and Wan, Alex H.L. and Davies, Simon J. and Tibbetts, Sean M. and Øverland, Margareth and Francis, David S. and Rocker, Melissa M. and Gasco, Laura and Metian, Marc and Trushenski, Jesse T. and Turchini, Giovanni M.},
	month = nov,
	year = {2022},
}

@article{rothig_insect_2023,
	title = {Insect feed in sustainable crustacean aquaculture},
	volume = {9},
	url = {https://doi.org/10.3920/jiff2022.0117},
	number = {9},
	urldate = {2025-01-10},
	journal = {Journal of Insects as Food and Feed},
	author = {Röthig, Till and Barth, Annalena and Tschirner, Martin and Schubert, Patrick and Wenning, Marius and Billion, André and Wilke, Thomas and Vilcinskas, Andreas},
	month = apr,
	year = {2023},
	pages = {1--24},
}

@article{khan_modeling_2022,
	title = {Modeling of nutritional behavior and harvest profit margin in fattening pacu (\textit{{Piaractus} mesopotamicus}) fed on balanced digestible protein contents and raised in an intensive recirculating aquaculture system},
	url = {https://doi.org/10.1016/j.anifeedsci.2022.115430},
	urldate = {2025-01-10},
	journal = {Animal Feed Science and Technology},
	author = {Khan, Kifayat Ullah and {Robert Mervyn Gous} and Nascimento, Thiago Matias Torres do and Sakomura, Nilva Kazue and Mansano, Cleber Fernando Menegasso and Queiroz, Daniel Monge A. and Rodrigues, Andressa Tellechea and Boaratti, André Zuffo and Romaneli, Rafael de Souza and Fernandes, João Batista Kochenborger},
	month = sep,
	year = {2022},
	doi = {10.1016/j.anifeedsci.2022.115430},
	note = {MAG ID: 4294957843},
	pages = {115430--115430},
}

@article{tran_complementarity_2024,
	title = {Complementarity of insect meal and poultry by-product meal as replacement for fishmeal can sustain the production performance of {European} perch (\textit{{Perca} fluviatilis}), reduce economic fish-in fish-out ratio and food-feed competition, and influence the environmental indices},
	volume = {579},
	url = {https://doi.org/10.1016/j.aquaculture.2023.740166},
	urldate = {2025-01-10},
	author = {Tran, Hung Q. and Wernicke von Siebenthal, Elena and Luce, Jean-Baptiste and Nguyen, Tram and Tomčala, Aleš and Stejskal, Vlastimil and Janssens, Thomas},
	month = jan,
	year = {2024},
	pages = {740166--740166},
}

@article{mckuin_comparative_2022,
	title = {Comparative life cycle assessment of heterotrophic microalgae \textit{{Schizochytrium}} and fish oil in sustainable aquaculture feeds},
	volume = {10},
	url = {https://doi.org/10.1525/elementa.2021.00098},
	number = {1},
	urldate = {2025-01-10},
	author = {McKuin, Brandi and Kapuscinski, Anne R. and Sarker, Pallab K. and Cheek, Nicolette and Colwell, Adele and Schoffstall, Benjamin and Greenwood, Connor},
	month = jan,
	year = {2022},
}

@article{stejskal_defatted_2022,
	title = {Defatted black soldier fly (\textit{{Hermetia} illucens}) in pikeperch (\textit{{Sander} lucioperca}) diets: {Effects} on growth performance, nutrient digestibility, fillet quality, economic and environmental sustainability},
	url = {https://doi.org/10.1016/j.aninu.2022.06.022},
	urldate = {2025-01-10},
	journal = {Animal Nutrition},
	author = {Stejskal, Vlastimil and Tran, Hung Q. and Prokesová, Markéta and Zare, Mahyar and Gebauer, Tatyana and Policar, Tomas and Caimi, Christian and Gai, Francesco and Gasco, Laura},
	month = sep,
	year = {2022},
}

@article{henriksson_interventions_2021,
	title = {Interventions for improving the productivity and environmental performance of global aquaculture for future food security},
	volume = {4},
	url = {https://doi.org/10.1016/j.oneear.2021.08.009},
	number = {9},
	journal = {One Earth},
	author = {Henriksson, Patrik J. G. and Troell, Max and Banks, Lauren Katherine and Belton, Ben and Beveridge, Malcolm and Klinger, Dane H. and Pelletier, Nathan and Phillips, Michael and Tran, Nhuong},
	month = sep,
	year = {2021},
	pages = {1220--1232},
}

@article{tran_environmental_2021,
	title = {Environmental consequences of using insect meal as an ingredient in aquafeeds: {A} systematic view},
	url = {https://doi.org/10.1111/raq.12595},
	urldate = {2025-01-10},
	journal = {Reviews in Aquaculture},
	author = {Tran, Hung Q. and Van Doan, Hien and Stejskal, Vlastimil},
	month = jul,
	year = {2021},
}

@article{shah_microalgae_2018,
	title = {Microalgae in aquafeeds for a sustainable aquaculture industry},
	volume = {30},
	url = {https://doi.org/10.1007/s10811-017-1234-z},
	number = {1},
	urldate = {2025-01-10},
	journal = {Journal of Applied Phycology},
	author = {Shah, Mahfuzur Rahman and Lutzu, Giovanni Antonio and Alam, Asraful and Sarker, Pallab K. and Chowdhury, M.A. Kabir and Parsaeimehr, Ali and Liang, Yuanmei and Daroch, Maurycy},
	month = feb,
	year = {2018},
	pages = {197--213},
}

@article{hilborn_environmental_2018,
	title = {The environmental cost of animal source foods},
	volume = {16},
	url = {https://doi.org/10.1002/fee.1822},
	number = {6},
	urldate = {2025-01-10},
	journal = {Frontiers in Ecology and the Environment},
	author = {Hilborn, Ray and Banobi, Jeannette A. and Hall, Stephen J. and Pucylowski, Teressa and Walsworth, Timothy E.},
	month = aug,
	year = {2018},
	pages = {329--335},
}

@article{shepherd_global_2013,
	title = {Global fishmeal and fish-oil supply: inputs, outputs and markets.},
	volume = {83},
	url = {https://doi.org/10.1111/jfb.12224},
	number = {4},
	urldate = {2025-01-10},
	journal = {Journal of Fish Biology},
	author = {Shepherd, Christopher J. and Jackson, A. J.},
	month = oct,
	year = {2013},
	pages = {1046--1066},
}

@article{lock_insect_2016,
	title = {Insect larvae meal as an alternative source of nutrients in the diet of {Atlantic} salmon (\textit{{Salmo} salar}) postsmolt},
	volume = {22},
	url = {https://doi.org/10.1111/anu.12343},
	number = {6},
	urldate = {2025-01-10},
	journal = {Aquaculture Nutrition},
	author = {Lock, Erik-Jan and Arsiwalla, Tarique and Waagbø, Rune},
	month = dec,
	year = {2016},
	pages = {1202--1213},
}

@article{ytrestoyl_utilisation_2015,
	title = {Utilisation of feed resources in production of {Atlantic} salmon (\textit{{Salmo} salar}) in {Norway}},
	volume = {448},
	url = {https://doi.org/10.1016/j.aquaculture.2015.06.023},
	urldate = {2025-01-10},
	journal = {Aquaculture},
	author = {Ytrestøyl, Trine and Aas, Turid Synnøve and Åsgård, Torbjørn},
	month = nov,
	year = {2015},
	pages = {365--374},
}

@article{belghit_potential_2018,
	title = {Potential of insect-based diets for {Atlantic} salmon (\textit{{Salmo} salar})},
	volume = {491},
	url = {https://doi.org/10.1016/j.aquaculture.2018.03.016},
	urldate = {2025-01-10},
	journal = {Aquaculture},
	author = {Belghit, Ikram and Liland, Nina S. and Waagbø, Rune and Biancarosa, Irene and Pelusio, Nicole Francesca and Li, Yanxian and Krogdahl, Åshild and Lock, Erik-Jan},
	month = apr,
	year = {2018},
	pages = {72--81},
}

@article{malcorps_sustainability_2019,
	title = {The sustainability conundrum of fishmeal substitution by plant ingredients in {Shrimp} {Feeds}},
	volume = {11},
	url = {https://doi.org/10.3390/su11041212},
	number = {4},
	urldate = {2025-01-10},
	journal = {Sustainability},
	author = {Malcorps, Wesley and Kok, Björn and van‘t Land, Mike and Fritz, Maarten and van Doren, Davy and Servin, Kurt and van der Heijden, Paul and Palmer, Roy and Auchterlonie, Neil Alexander and Rietkerk, Max and Santos, Maria João dos and Davies, Simon J.},
	month = feb,
	year = {2019},
	doi = {10.3390/su11041212},
	note = {MAG ID: 2915211902},
	pages = {1212},
}

@article{cashion_most_2017,
	title = {Most fish destined for fishmeal production are food-grade fish},
	volume = {18},
	url = {https://doi.org/10.1111/faf.12209},
	number = {5},
	urldate = {2025-01-10},
	journal = {Fish and Fisheries},
	author = {Cashion, Tim and Le Manach, Frédéric and Zeller, Dirk and Pauly, Daniel},
	month = sep,
	year = {2017},
	pages = {837--844},
}

@article{tacon_global_2008,
	title = {Global overview on the use of fish meal and fish oil in industrially compounded aquafeeds: {Trends} and future prospects},
	volume = {285},
	url = {https://doi.org/10.1016/j.aquaculture.2008.08.015},
	number = {1},
	urldate = {2025-01-10},
	journal = {Aquaculture},
	author = {Tacon, Albert G. J. and Metian, Marc},
	month = dec,
	year = {2008},
	pages = {146--158},
}

@article{boissy_environmental_2011,
	title = {Environmental impacts of plant-based salmonid diets at feed and farm scales},
	volume = {321},
	url = {https://doi.org/10.1016/j.aquaculture.2011.08.033},
	urldate = {2025-01-10},
	journal = {Aquaculture},
	author = {Boissy, Joachim and Aubin, Joël and Drissi, Abdeljalil and van der Werf, Hayo M.G. and Bell, Gordon J. and Kaushik, Sadasivam},
	month = nov,
	year = {2011},
	pages = {61--70},
}

@article{pelletier_nutritional_2018,
	title = {Nutritional {Attributes}, {Substitutability}, {Scalability}, and {Environmental} {Intensity} of an {Illustrative} {Subset} of {Current} and {Future} {Protein} {Sources} for {Aquaculture} {Feeds}: {Joint} {Consideration} of {Potential} {Synergies} and {Trade}-offs},
	volume = {52},
	url = {https://doi.org/10.1021/acs.est.7b05468},
	number = {10},
	urldate = {2025-01-10},
	journal = {Environmental Science \& Technology},
	author = {Pelletier, Nathan and Klinger, Dane H. and Sims, Neil A. and {Janice Renee Yoshioka} and Yoshioka, Janice Renee and Kittinger, John N.},
	month = apr,
	year = {2018},
	pages = {5532--5544},
}

@article{hua_future_2019,
	title = {The {Future} of {Aquatic} {Protein}: {Implications} for {Protein} {Sources} in {Aquaculture} {Diets}},
	volume = {1},
	url = {https://doi.org/10.1016/j.oneear.2019.10.018},
	number = {3},
	urldate = {2025-01-10},
	author = {Hua, Katheline and Cobcroft, Jennifer M. and Cole, Andrew J. and Condon, Kelly and Jerry, Dean R. and Mangott, Arnold and Praeger, Christina and Vucko, Matthew J. and Zeng, Chaoshu and Zenger, Kyall R. and Strugnell, Jan M.},
	month = nov,
	year = {2019},
	pages = {316--329},
}

@article{zlaugotne_cradle_2024,
	title = {From {Cradle} to {Plate}: {Analysing} the {Life} {Cycle} {Sustainability} of {Fish} {Feed} {Composition}},
	url = {https://doi.org/10.2478/rtuect-2024-0053},
	urldate = {2025-01-10},
	journal = {Environmental and Climate Technologies},
	author = {Zlaugotne, Beate and {J. Pubule}},
	month = oct,
	year = {2024},
	pages = {686--694},
}

@article{silva_life_2018,
	title = {Life cycle assessment of aquafeed ingredients},
	volume = {23},
	url = {https://doi.org/10.1007/s11367-017-1414-8},
	number = {5},
	urldate = {2025-01-10},
	journal = {International Journal of Life Cycle Assessment},
	author = {Silva, Catarina Basto and Valente, Luisa M.P. and Matos, Elisabete and Brandão, Miguel and Neto, Belmira},
	month = may,
	year = {2018},
	pages = {995--1017},
}

@article{cooney_designing_2021,
	title = {Designing environmentally efficient aquafeeds through the use of multicriteria decision support tools},
	volume = {23},
	url = {https://doi.org/10.1016/j.coesh.2021.100276},
	urldate = {2025-01-10},
	journal = {Current Opinion in Environmental Science \& Health},
	author = {Cooney, Ronan and Wan, Alex H.L. and O'Donncha, Fearghal and Clifford, Eoghan},
	month = may,
	year = {2021},
	pages = {100276},
}

@article{hongyan_cheng_understanding_2023,
	title = {Understanding and modelling the aquafeed extrusion process for {Atlantic} salmon feed with an empirical model},
	volume = {304},
	url = {https://doi.org/10.1016/j.anifeedsci.2023.115752},
	urldate = {2025-01-10},
	journal = {Animal Feed Science and Technology},
	author = {{Hongyan Cheng} and {Yiqing Guo} and {S.J. Højberg} and {Kyla Meagan Zatti} and {Aberham Hailu Feyissa}},
	month = oct,
	year = {2023},
	pages = {115752--115752},
}

@article{maiolo_fishmeal_2020,
	title = {Fishmeal partial substitution within aquafeed formulations: life cycle assessment of four alternative protein sources},
	volume = {25},
	url = {https://doi.org/10.1007/s11367-020-01759-z},
	number = {8},
	urldate = {2025-01-10},
	journal = {International Journal of Life Cycle Assessment},
	author = {Maiolo, Silvia and Parisi, Giuliana and Biondi, Natascia and Lunelli, Fernando and Tibaldi, Emilio and Pastres, Roberto},
	month = aug,
	year = {2020},
	pages = {1455--1471},
}

@article{tacon_trends_2020,
	title = {Trends in {Global} {Aquaculture} and {Aquafeed} {Production}: 2000–2017},
	volume = {28},
	url = {https://doi.org/10.1080/23308249.2019.1649634},
	number = {1},
	urldate = {2025-01-10},
	journal = {Reviews in Fisheries Science \& Aquaculture},
	author = {Tacon, Albert G. J.},
	month = jan,
	year = {2020},
	pages = {43--56},
}

@article{kok_fish_2020,
	title = {Fish as feed: {Using} economic allocation to quantify the {Fish} in : {Fish} out ratio of major fed aquaculture species},
	volume = {528},
	url = {https://doi.org/10.1016/j.aquaculture.2020.735474},
	url = {https://doi.org/10.1016/j.aquaculture.2020.735474},
	urldate = {2025-01-10},
	journal = {Aquaculture},
	author = {Kok, Björn and Malcorps, Wesley and Tlusty, Michael F. and Eltholth, Mahmoud and Auchterlonie, Neil A and Little, David and Harmsen, Robert and Newton, Richard and Davies, Simon J.},
	month = nov,
	year = {2020},
	pages = {735474},
}

@article{froehlich_avoiding_2018,
	title = {Avoiding the ecological limits of forage fish for fed aquaculture},
	volume = {1},
	url = {https://doi.org/10.1038/s41893-018-0077-1},
	number = {6},
	urldate = {2025-01-10},
	author = {Froehlich, Halley E. and Jacobsen, Nis S. and Essington, Timothy E. and Clavelle, Tyler and Halpern, Benjamin S. and Williams, Chelsea M. and Pondella, Daniel J. and Dodds, Douglas and Plater, Andrew J. and Le, Fengfeng and Bo, Jun},
	month = jun,
	year = {2018},
	pages = {298--303},
}

@article{turchini_fish_2009,
	title = {Fish oil replacement in finfish nutrition},
	volume = {1},
	url = {https://doi.org/10.1111/j.1753-5131.2008.01001.x},
	number = {1},
	urldate = {2025-01-10},
	journal = {Reviews in Aquaculture},
	author = {Turchini, Giovanni M. and Torstensen, Bente E. and Ng, Wing-Keong},
	month = mar,
	year = {2009},
	pages = {10--57},
}

@article{troell_does_2014,
	title = {Does aquaculture add resilience to the global food system},
	volume = {111},
	url = {https://doi.org/10.1073/pnas.1404067111},
	number = {37},
	urldate = {2025-01-10},
	journal = {Proceedings of the National Academy of Sciences of the United States of America},
	author = {Troell, Max and Naylor, Rosamond L. and Métian, Marc and Beveridge, Malcolm C. M. and Tyedmers, Peter and Folke, Carl and Arrow, Kenneth J. and Barrett, Scott and Crépin, Anne-Sophie and Ehrlich, Paul R. and Gren, Åsa and Kautsky, Nils and Levin, Simon A. and Nyborg, Karine and Österblom, Henrik and Polasky, Stephen and Scheffer, Marten and Walker, Brian and Xepapadeas, Tasos and de Zeeuw, Aart},
	month = sep,
	year = {2014},
	pages = {13257--13263},
}

@article{selim_direct_2016,
	title = {Direct and indirect effects of climate and fishing on changes in coastal ecosystem services: a historical perspective from the {North} {Sea}},
	volume = {16},
	url = {https://doi.org/10.1007/s10113-014-0635-7},
	number = {2},
	urldate = {2025-01-10},
	journal = {Regional Environmental Change},
	author = {Selim, Samiya A. and Blanchard, Julia L. and Bedford, Jacob and Webb, Thomas J.},
	month = feb,
	year = {2016},
	pages = {341--351},
}

@article{cottrell_global_2020,
	title = {Global adoption of novel aquaculture feeds could substantially reduce forage fish demand by 2030},
	volume = {1},
	url = {https://doi.org/10.1038/s43016-020-0078-x},
	number = {5},
	urldate = {2025-01-10},
	journal = {Nature Food},
	author = {Cottrell, Richard S. and Blanchard, Julia L. and Halpern, Benjamin S. and Metian, Marc and Froehlich, Halley E.},
	month = may,
	year = {2020},
	doi = {10.1038/s43016-020-0078-x},
	note = {MAG ID: 3026119784},
	pages = {301--308},
}

@article{blanchard_linked_2017,
	title = {Linked sustainability challenges and trade-offs among fisheries, aquaculture and agriculture.},
	volume = {1},
	url = {https://doi.org/10.1038/s41559-017-0258-8},
	number = {9},
	urldate = {2025-01-10},
	journal = {Nature Ecology and Evolution},
	author = {Blanchard, Julia L. and Watson, Reg and Fulton, Elizabeth A. and Cottrell, Richard S. and Nash, Kirsty L. and Bryndum-Buchholz, Andrea and Büchner, Matthias and Carozza, David A. and Cheung, William W. L. and Elliott, Joshua and Davidson, Lindsay and Dulvy, Nicholas K. and Dunne, John P. and Eddy, Tyler D. and Galbraith, Eric D. and Lotze, Heike K. and Maury, Olivier and Müller, Christoph and Tittensor, Derek P. and Jennings, Simon},
	month = aug,
	year = {2017},
	pages = {1240--1249},
}

@article{alexandra_johne_modelling_2023,
	title = {Modelling the effects of ration on individual growth of \textit{{Oncorhynchus} tshawytscha} under controlled conditions},
	volume = {103},
	url = {https://doi.org/10.1111/jfb.15499},
	number = {5},
	urldate = {2025-01-10},
	journal = {Journal of Fish Biology},
	author = {{Alexandra Johne} and {Chris Carter} and {Simon Wotherspoon} and {Scott Hadley} and {Jane E. Symonds} and {Seumas P. Walker} and {Julia L. Blanchard}},
	month = jul,
	year = {2023},
	pages = {1003--1014},
}

@article{kuempel_environmental_2023,
	title = {Environmental footprints of farmed chicken and salmon bridge the land and sea},
	volume = {33},
	url = {https://doi.org/10.1016/j.cub.2023.01.037},
	number = {5},
	urldate = {2025-01-10},
	journal = {Current Biology},
	author = {Kuempel, Caitlin D. and Frazier, Melanie and Verstaen, Juliette and Rayner, Paul-Eric and Blanchard, Julia L. and Cottrell, Richard S. and Froehlich, Halley E. and Gephart, Jessica A. and Jacobsen, Nis S. and McIntyre, Peter B. and Métian, Marc and Moran, Daniel and Nash, Kirsty L. and Többen, Johannes and Williams, David and Halpern, Benjamin S.},
	month = mar,
	year = {2023},
	pages = {990--997.e4},
}

@article{cao_vulnerability_2023,
	title = {Vulnerability of blue foods to human-induced environmental change},
	volume = {6},
	url = {https://doi.org/10.1038/s41893-023-01156-y},
	number = {10},
	urldate = {2025-01-10},
	journal = {Nature Sustainability},
	author = {Cao, Ling and Halpern, Benjamin S. and Troell, Max and Short, Richard L. and Zeng, Cong and Jiang, Ziyu and Liu, Y. and Zou, Chengxuan and Liu, Chunyu and Liu, Shurong and Liu, Xiangwei and Cheung, William W. L. and Cottrell, Richard S. and DeClerck, Fabrice and Gelcich, Stefan and Gephart, Jessica A. and Godo-Solo, Dakoury and Kaull, Jessie Ihilani and Micheli, Fiorenza and Naylor, Rosamond L. and Payne, Hanna J. and Selig, Elizabeth R. and Sumaila, U. Rashid and Tigchelaar, Michelle},
	month = jun,
	year = {2023},
	pages = {1186--1198},
}

@article{baldan_r_2018,
	title = {An {R} package for simulating growth and organic wastage in aquaculture farms in response to environmental conditions and husbandry practices},
	volume = {13},
	issn = {1932-6203},
	url = {https://doi.org/10.1371/journal.pone.0195732},
	language = {en},
	number = {5},
	urldate = {2025-01-29},
	journal = {PLOS ONE},
	author = {Baldan, Damiano and Porporato, Erika M. D. and Pastres, Roberto and Brigolin, Daniele},
	month = may,
	year = {2018},
	keywords = {Aquaculture, Body weight, Carbohydrates, Climate change, Lipids, Monte Carlo method, Mussels, Oceanography},
	pages = {e0195732},
}

@misc{cottrell_origins_nodate,
	title = {The origins of ingredients matter more than ingredient types for the environmental footprint of aquaculture feeds},
	author = {Cottrell, Richard S. and Halpern, Benjamin S. and Cormery, Marceau and Hamilton, Helen A. and Clawson, Gage and Penrose, Beth and Adams, Louise and Bowman, John P. and Cameron, Duncan D. and Carter, Chris G. and Fox-Smith, Tom and Hadley, Scott and Johne, Alexandra and Macleod, Catriona and Sesha Prasad, Sowdamini and Qiu, Xintong and White, Camille A. and Zhan, Xin and Blanchard, Julia L.},
}

@article{cadillo-benalcazar_multi-scale_2020,
	title = {Multi-scale integrated evaluation of the sustainability of large-scale use of alternative feeds in salmon aquaculture},
	volume = {248},
	issn = {0959-6526},
	url = {https://doi.org/10.1016/j.jclepro.2019.119210},
	urldate = {2025-02-07},
	journal = {Journal of Cleaner Production},
	author = {Cadillo-Benalcazar, Juan J. and Giampietro, Mario and Bukkens, Sandra G. F. and Strand, Roger},
	month = mar,
	year = {2020},
	keywords = {Norway, Alternative aquafeeds, Insects, MuSIASEM, Quantitative story-telling, Salmon aquaculture},
	pages = {119210},
}

@misc{clawson_continued_2024,
	address = {Rochester, NY},
	type = {{SSRN} {Scholarly} {Paper}},
	title = {Continued {Transitions} from {Fish} {Meal} and {Oil} in {Aquafeeds} {Require} {Close} {Attention} to {Biodiversity} {Trade}-{Offs}},
	url = {https://doi.org/10.2139/ssrn.5030822},
	language = {en},
	urldate = {2025-02-07},
	publisher = {Social Science Research Network},
	author = {Clawson, Gage and Blanchard, Julia L. and Cormery, Marceau and Fulton, Beth and Halpern, Benjamin S. and Hamilton, Helen A. and O'Hara, Casey C. and Cottrell, Richard S.},
	month = nov,
	year = {2024},
	keywords = {aquaculture, aquaculture feed, aquaculture sustainability, Atlantic salmon, biodiversity impact, habitat area},
}

@article{troell_perspectives_2023,
	title = {Perspectives on aquaculture's contribution to the {Sustainable} {Development} {Goals} for improved human and planetary health},
	volume = {54},
	copyright = {© 2023 Food and Agriculture Organization of the United Nations. Journal of the World Aquaculture Society published by Wiley Periodicals LLC on behalf of World Aquaculture Society.},
	issn = {1749-7345},
	url = {https://onlinelibrary.wiley.com/doi/abs/10.1111/jwas.12946},
	url = {https://doi.org/10.1111/jwas.12946},
	language = {en},
	number = {2},
	urldate = {2025-02-07},
	journal = {Journal of the World Aquaculture Society},
	author = {Troell, Max and Costa-Pierce, Barry and Stead, Selina and Cottrell, Richard S. and Brugere, Cecile and Farmery, Anna K. and Little, David C. and Strand, Åsa and Pullin, Roger and Soto, Doris and Beveridge, Malcolm and Salie, Khalid and Dresdner, Jorge and Moraes-Valenti, Patricia and Blanchard, Julia and James, Philip and Yossa, Rodrigue and Allison, Edward and Devaney, Christopher and Barg, Uwe},
	year = {2023},
	keywords = {human health, poverty, sustainable development},
	pages = {251--342},
}

@article{maurer_san_1993,
	title = {San {Pedro} {Shelf} {California}: testing the {Pearson}-{Rosenberg} model ({PRM})},
	volume = {35},
	issn = {0141-1136},
	shorttitle = {San {Pedro} {Shelf} {California}},
	url = {https://doi.org/10.1016/0141-1136(93)90099-L},
	number = {4},
	urldate = {2025-03-06},
	journal = {Marine Environmental Research},
	author = {Maurer, Don and Robertson, George and Gerlinger, Thomas},
	month = jan,
	year = {1993},
	pages = {303--321},
}

@article{shivarudrappa_macrobenthos_2017,
	title = {Macrobenthos community succession in the northern {Gulf} of {Mexico} hypoxic regions: testing the {Pearson}-{Rosenberg} model},
	volume = {75},
	shorttitle = {Macrobenthos community succession in the northern {Gulf} of {Mexico} hypoxic regions},
	url = {https://elischolar.library.yale.edu/journal_of_marine_research/425},
	number = {1},
	urldate = {2025-03-06},
	journal = {Journal of Marine Research},
	author = {Shivarudrappa, Shivakumar and Briggs, Kevin},
	month = jan,
	year = {2017},
	annote = {Keeping URL as DOI expired/Broken},
}

@article{magni_animal-sediment_2009,
	title = {Animal-sediment relationships: {Evaluating} the ‘{Pearson}–{Rosenberg} paradigm’ in {Mediterranean} coastal lagoons},
	volume = {58},
	issn = {0025-326X},
	shorttitle = {Animal-sediment relationships},
	url = {https://doi.org/10.1016/j.marpolbul.2008.12.009},
	number = {4},
	urldate = {2025-03-06},
	journal = {Marine Pollution Bulletin},
	author = {Magni, Paolo and Tagliapietra, Davide and Lardicci, Claudio and Balthis, Len and Castelli, Alberto and Como, Serena and Frangipane, Gretel and Giordani, Gianmarco and Hyland, Jeffrey L. and Maltagliati, Ferruccio and Pessa, Giuseppe and Rismondo, Andrea F. and Tataranni, Mariella and Tomassetti, Paolo and Viaroli, Pierluigi},
	month = apr,
	year = {2009},
	keywords = {Benthic diversity, Coastal lagoons, Ecological indicators, Eutrophication, Macrobenthos, Mediterranean Sea},
	pages = {478--486},
}

@article{opstvedt_efficiency_2003,
	title = {Efficiency of feed utilization in {Atlantic} salmon (\textit{{Salmo} salar} {L}.) fed diets with increasing substitution of fish meal with vegetable proteins},
	volume = {221},
	copyright = {https://www.elsevier.com/tdm/userlicense/1.0/},
	issn = {00448486},
	url = {https://doi.org/10.1016/S0044-8486(03)00026-7},
	language = {en},
	number = {1-4},
	urldate = {2025-03-24},
	journal = {Aquaculture},
	author = {Opstvedt, Johannes and Aksnes, Anders and Hope, Britt and Pike, Ian H.},
	month = may,
	year = {2003},
	pages = {365--379},
}

@article{froehlich_global_2018,
	title = {Global change in marine aquaculture production potential under climate change},
	volume = {2},
	copyright = {2018 The Author(s), under exclusive licence to Springer Nature Limited},
	issn = {2397-334X},
	url = {https://doi.org/10.1038/s41559-018-0669-1},
	language = {en},
	number = {11},
	urldate = {2025-03-26},
	journal = {Nature Ecology \& Evolution},
	author = {Froehlich, Halley E. and Gentry, Rebecca R. and Halpern, Benjamin S.},
	month = nov,
	year = {2018},
	keywords = {Climate-change ecology, Ecological modelling, Fisheries},
	pages = {1745--1750},
}

@article{gentry_mapping_2017,
	title = {Mapping the global potential for marine aquaculture},
	volume = {1},
	copyright = {2017 The Author(s)},
	issn = {2397-334X},
	url = {https://doi.org/10.1038/s41559-017-0257-9},
	language = {en},
	number = {9},
	urldate = {2025-03-26},
	journal = {Nature Ecology \& Evolution},
	author = {Gentry, Rebecca R. and Froehlich, Halley E. and Grimm, Dietmar and Kareiva, Peter and Parke, Michael and Rust, Michael and Gaines, Steven D. and Halpern, Benjamin S.},
	month = sep,
	year = {2017},
	note = {Publisher: Nature Publishing Group},
	keywords = {Biogeography, Marine biology},
	pages = {1317--1324},
}

@article{dempsey_estimating_2023,
	title = {Estimating stocking weights for {Atlantic} salmon to grow to market size at novel aquaculture sites with extreme temperatures},
	volume = {10},
	issn = {2296-7745},
	url = {https://doi.org/10.3389/fmars.2023.1094247},
	language = {English},
	urldate = {2025-04-01},
	journal = {Frontiers in Marine Science},
	author = {Dempsey, Danielle P. and Reid, Gregor K. and Lewis-McCrea, Leah and Balch, Toby and Cusack, Roland and Dumas, André and Rensel, Jack},
	month = may,
	year = {2023},
	note = {Publisher: Frontiers},
	keywords = {Aquaculture, Atlantic salmon, post-smolt, Degree days, Model, Net-pen, Nova Scotia, Thermal-unit growth coefficient},
}

@article{tvete_towards_2023,
	title = {Towards better survival: {Modeling} drivers for daily mortality in {Norwegian} {Atlantic} salmon farming},
	volume = {210},
	issn = {0167-5877},
	shorttitle = {Towards better survival},
	url = {https://doi.org/10.1016/j.prevetmed.2022.105798},
	urldate = {2025-04-01},
	journal = {Preventive Veterinary Medicine},
	author = {Tvete, Ingunn Fride and Aldrin, Magne and Jensen, Britt Bang},
	month = jan,
	year = {2023},
	keywords = {Full production cycles, Generalized additive model, Lice treatments, Mortality, Pancreas disease},
	pages = {105798},
}

@article{broekhuizen_modelling_1994,
	title = {Modelling {Compensatory} {Growth}},
	volume = {8},
	issn = {0269-8463},
	url = {https://doi.org/10.2307/2390237},
	number = {6},
	urldate = {2025-04-01},
	journal = {Functional Ecology},
	author = {Broekhuizen, Niall. and Gurney, William. S. C. and Jones, A. and Bryant, A. D.},
	year = {1994},
	note = {Publisher: [British Ecological Society, Wiley]},
	pages = {770--782},
}

@article{elliott_energy_1975,
	title = {Energy equivalents of oxygen consumption in animal energetics},
	volume = {19},
	issn = {1432-1939},
	url = {https://doi.org/10.1007/BF00345305},
	language = {en},
	number = {3},
	urldate = {2025-04-01},
	journal = {Oecologia},
	author = {Elliott, J. M. and Davison, W.},
	month = sep,
	year = {1975},
	keywords = {Respiration, Carbohydrate, Oxidation, Oxygen, Oxygen Consumption},
	pages = {195--201},
}

@article{macnaughton_using_2019,
	title = {Using meta-analysis to derive a respiration model for {Atlantic} salmon (\textit{{Salmo} salar}) to assess bioenergetics requirements of juveniles in two {Canadian} rivers},
	volume = {76},
	issn = {0706-652X},
	url = {https://doi.org/10.1139/cjfas-2018-0436},
	number = {12},
	urldate = {2025-04-01},
	journal = {Canadian Journal of Fisheries and Aquatic Sciences},
	author = {Macnaughton, Camille J. and Deslauriers, David and Ipsen, Erinn L. and Corey, Emily and Enders, Eva C.},
	month = dec,
	year = {2019},
	note = {Publisher: NRC Research Press},
	pages = {2225--2234},
}

@article{jonsson_thermal_2001,
	title = {Thermal performance of juvenile {Atlantic} {Salmon}, \textit{{Salmo} salar} {L}.},
	volume = {15},
	issn = {1365-2435},
	url = {https://onlinelibrary.wiley.com/doi/abs/10.1046/j.0269-8463.2001.00572.x},
	url = {https://doi.org/10.1046/j.0269-8463.2001.00572.x},
	language = {en},
	number = {6},
	urldate = {2025-04-01},
	journal = {Functional Ecology},
	author = {Jonsson, Bror and Forseth, Torbjørn and Jensen, Arne. J. and Næsje, Tor. F.},
	year = {2001},
	note = {\_eprint: https://onlinelibrary.wiley.com/doi/pdf/10.1046/j.0269-8463.2001.00572.x},
	keywords = {growth, Food consumption, growth efficiency, optimal temperature, thermal adaptation},
	pages = {701--711},
}

@article{poletto_unusual_2017,
	title = {Unusual aerobic performance at high temperatures in juvenile {Chinook} salmon, \textit{{Oncorhynchus} tshawytscha}},
	volume = {5},
	issn = {2051-1434},
	url = {https://doi.org/10.1093/conphys/cow067},
	number = {1},
	urldate = {2025-04-01},
	journal = {Conservation Physiology},
	author = {Poletto, Jamilynn B. and Cocherell, Dennis E. and Baird, Sarah E. and Nguyen, Trinh X. and Cabrera-Stagno, Valentina and Farrell, Anthony P. and Fangue, Nann A.},
	month = jan,
	year = {2017},
}

@article{vadboncoeur_lowering_2023,
	title = {Lowering temperature to 1 °{C} results in physiological changes, stress and mortality in cultured {Atlantic} {Salmon} (\textit{{Salmo} salar})},
	volume = {568},
	issn = {0044-8486},
	url = {https://doi.org/10.1016/j.aquaculture.2023.739313},
	urldate = {2025-04-01},
	journal = {Aquaculture},
	author = {Vadboncoeur, Émile and Nelson, Charlotte and Hall, Jennifer R. and Clow, Kathy A. and Sandrelli, Rebeccah M. and Brauner, Colin J. and Swanson, Andrew K. and Gamperl, A. Kurt},
	month = apr,
	year = {2023},
	keywords = {Biomarker genes, Cold, Decreasing temperature, Osmoregulation, Salmon aquaculture, Stress},
	pages = {739313},
}

@article{van_tien_development_2016,
	title = {Development of a nutritional model to define the energy and protein requirements of cobia, \textit{{Rachycentron} canadum}},
	volume = {463},
	issn = {0044-8486},
	url = {https://doi.org/10.1016/j.aquaculture.2016.05.037},
	urldate = {2025-04-01},
	journal = {Aquaculture},
	author = {Van Tien, Nguyen and Chinh, Dam T. M. and Huong, Tran T. M. and Phuong, Truong H. and Irvin, Simon and Glencross, Brett},
	month = oct,
	year = {2016},
	keywords = {Bioenergetic, Cobia, Energetics, Nutritional model, Protein requirements, Specifications},
	pages = {193--200},
}

@article{handeland_effect_2008,
	title = {The effect of temperature and fish size on growth, feed intake, food conversion efficiency and stomach evacuation rate of {Atlantic} salmon post-smolts},
	volume = {283},
	issn = {0044-8486},
	url = {https://doi.org/10.1016/j.aquaculture.2008.06.042},
	number = {1},
	urldate = {2025-04-01},
	journal = {Aquaculture},
	author = {Handeland, Sigurd O. and Imsland, Albert K. and Stefansson, Sigurd O.},
	month = oct,
	year = {2008},
	keywords = {Temperature, Growth, Atlantic salmon post-smolts, Feed conversion efficiency, Stomach evacuation rate},
	pages = {36--42},
}

@article{jonsson_energy_2003,
	title = {Energy allocation among developmental stages, age groups, and types of {Atlantic} salmon (\textit{{Salmo} salar}) spawners},
	volume = {60},
	issn = {0706-652X},
	url = {https://doi.org/10.1139/f03-042},
	number = {5},
	urldate = {2025-04-01},
	journal = {Canadian Journal of Fisheries and Aquatic Sciences},
	author = {Jonsson, Nina and Jonsson, Bror},
	month = may,
	year = {2003},
	note = {Publisher: NRC Research Press},
	pages = {506--516},
}

@article{uglem_does_2020,
	title = {Does waste feed from salmon farming affect the quality of saithe (\textit{{Pollachius} virens } {L}.) attracted to fish farms?},
	volume = {51},
	issn = {1365-2109},
	url = {https://onlinelibrary.wiley.com/doi/abs/10.1111/are.14519},
	url = {https://doi.org/10.1111/are.14519},
	language = {en},
	number = {4},
	urldate = {2025-04-01},
	journal = {Aquaculture Research},
	author = {Uglem, Ingebrigt and Toledo-Guedes, Kilian and Sanchez-Jerez, Pablo and Ulvan, Eva M. and Evensen, Tor and Sæther, Bjørn S.},
	year = {2020},
	keywords = {attraction of wild fish, flesh quality, Pollachius virens L., salmon farming, waste feed},
	pages = {1720--1730},
}

@incollection{mclean_feed_2023,
	address = {Oxford},
	edition = {1},
	title = {Feed {Ingredients} for {Sustainable} {Aquaculture}},
	isbn = {978-0-12-824166-0},
	url = {https://doi.org/10.1016/b978-0-12-823960-5.00085-8},
	urldate = {2025-01-10},
	booktitle = {Sustainable {Food} {Science} - {A} {Comprehensive} {Approach}},
	publisher = {Elsevier},
	author = {McLean, Ewen},
	editor = {Ferranti, Pasquale},
	month = jan,
	year = {2023},
	keywords = {Aquaculture, Anti-nutritional factors, Exoenzymes, Food safety, Insect meals, Mycotoxins, Nutrition, Palatants, Poultry by-product, Soybean, Sustainability},
	pages = {392--423},
}

@techreport{blanchard_climate_2024,
	address = {Rome, Italy},
	type = {{FAO} {Fisheries} and {Aquaculture} {Technical} {Paper}},
	title = {Climate change risks to marine ecosystems and fisheries: {Projections} to 2100 from the {Fisheries} and {Marine} {Ecosystem} {Model} {Intercomparison} {Project}},
	url = {https://doi.org/10.4060/cd1379en},
	language = {en},
	number = {707},
	urldate = {2025-06-04},
	institution = {FAO},
	author = {Blanchard, Julia L. and Novaglio, Camilla},
	year = {2024},
}
